@InProceedings{DARLA,
  author = 	 "Reddy, Sravana and James Stanford",
  title =        "A {W}eb {A}pplication for {A}utomated {D}ialect {A}nalysis",
  booktitle =        "Proceedings of NAACL-HLT",
  year = 	 "2015"
}

@INPROCEEDINGS{Paliwal,
  author={K. K. {Paliwal}},
  booktitle={ISSPA '99. Proceedings of the Fifth International Symposium on Signal Processing and its Applications (IEEE Cat. No.99EX359)},
  title={On the use of filter-bank energies as features for robust speech recognition},
  year={1999},
  volume={2},
  number={},
  pages={641-644 vol.2},
  keywords={speech recognition;cepstral analysis;hidden Markov models;Gaussian processes;channel bank filters;filtering theory;hearing;decorrelation;robust speech recognition;filter-bank energies;mel frequency cepstral coefficients;MFCC;cepstral coefficients liftering;dynamic warping-based speech recognition systems;continuous observation Gaussian density HMM;hidden Markov models;human auditory processing;masking;decorrelation;Robustness;Speech recognition;Cepstral analysis;Cepstrum;Hidden Markov models;Australia;Discrete cosine transforms;Automatic speech recognition;Humans;Decorrelation},
  doi={10.1109/ISSPA.1999.815754},
  ISSN={null},
  month={Aug}
}

@INPROCEEDINGS{acc_class,
  author={S. {Deshpande} and S. {Chikkerur} and V. {Govindaraju}},
  booktitle={Fourth IEEE Workshop on Automatic Identification Advanced Technologies (AutoID'05)},
  title={Accent classification in speech},
  year={2005},
  volume={},
  number={},
  pages={139-143},
  keywords={biometrics (access control);speaker recognition;natural languages;dictionaries;feature extraction;image classification;Gaussian processes;soft biometric trait;feature classification;speech system;accent specific dictionary;word model;speech recognition system;gender information;speaker recognition system;standard American English;Indian Accented English;GMM classification;Gaussian mixture model;Speech recognition;Frequency;Biometrics;Dictionaries;Authentication;Feature extraction;Venus;Biosensors;Speaker recognition;Usability},
  doi={10.1109/AUTOID.2005.10},
  ISSN={null},
  month={Oct}
}

@article{mfccs,
  author = {Sarhan, Shahenda and Abu Elsoud, Mohamed and Hassan, Nagham},
  year = {2015},
  month = {07},
  pages = {},
  title = {Text {I}ndependent speaker identification based on {MFCC} and {D}eep {N}eural {N}etworks},
  volume = {15},
  journal = {International Journal of Intelligent Computing and Information Science ( IJICIS)}
}

@article{chuaccent,
  title={Accent {C}lassification of {N}on-{N}ative {E}nglish {S}peakers},
  author={Chu, Albert and Lai, Peter and Le, Diana}
}

@ARTICLE{microsoft,
  author={O. {Abdel-Hamid} and A. {Mohamed} and H. {Jiang} and L. {Deng} and G. {Penn} and D. {Yu}},
  journal={IEEE/ACM Transactions on Audio, Speech, and Language Processing},
  title={Convolutional {Neural} {Networks} for {Speech} {Recognition}},
  year={2014},
  volume={22},
  number={10},
  pages={1533-1545},
  keywords={Gaussian processes;hidden Markov models;mixture models;neural nets;speech recognition;weight sharing;local connectivity;limited-weight-sharing scheme;complex correlations;Gaussian mixture model;hidden Markov model;hybrid deep neural network;speech recognition;convolutional neural networks;Convolution;Hidden Markov models;Speech;Speech recognition;Vectors;Neural networks;Training;Convolution;convolutional neural networks;Limited Weight Sharing (LWS) scheme;pooling},
  doi={10.1109/TASLP.2014.2339736},
  ISSN={2329-9304},
  month={Oct}
}

@inproceedings{google,
  title	= {State-of-the-art {Speech} {Recognition} {With} {Sequence-to-Sequence} {Models}},
  author	= {Chung-Cheng Chiu and Tara Sainath and Yonghui Wu and Rohit Prabhavalkar and Patrick Nguyen and Zhifeng Chen and Anjuli Kannan and Ron J. Weiss and Kanishka Rao and Katya Gonina and Navdeep Jaitly and Bo Li and Jan Chorowski and Michiel Bacchiani},
  year	= {2018},
  URL	= {https://arxiv.org/pdf/1712.01769.pdf}
}

@ARTICLE{ivector,
  author={N. {Dehak} and P. J. {Kenny} and R. {Dehak} and P. {Dumouchel} and P. {Ouellet}},
  journal={IEEE Transactions on Audio, Speech, and Language Processing},
  title={{Front-End} {Factor} {Analysis} for {Speaker} {Verification}},
  year={2011},
  volume={19},
  number={4},
  pages={788-798},
  keywords={speaker recognition;support vector machines;front end factor analysis;speaker representation;low dimensional speaker;channel dependent space;variability space;support vector machine;cosine kernel;similarity estimation;decision score;channel compensation technique;within class covariance normalization;linear discriminate analysis;nuisance attribute projection;speaker recognition evaluation;speaker verification;Support vector machines;Kernel;Testing;Linear discriminant analysis;NIST;Speaker recognition;Permission;Natural languages;Speech analysis;Context modeling;Cosine distance scoring;joint factor analysis (JFA);support vector machines (SVMs);total variability space},
  doi={10.1109/TASL.2010.2064307},
  ISSN={1558-7924},
  month={May}
}

@INPROCEEDINGS{xvector,
  author={D. {Snyder} and D. {Garcia-Romero} and G. {Sell} and D. {Povey} and S. {Khudanpur}},
  booktitle={2018 IEEE International Conference on Acoustics, Speech and Signal Processing (ICASSP)},
  title={X-Vectors: {Robust} {DNN} {Embeddings} for {Speaker} {Recognition}},
  year={2018},
  volume={},
  number={},
  pages={5329-5333},
  keywords={learning (artificial intelligence);neural nets;speaker recognition;x-vectors;robust DNN embeddings;speaker recognition;data augmentation;deep neural network embeddings;fixed-dimensional embeddings;training data;i-vector baselines;i-vector extractor;x-vector DNN;supervised training;reverberation data;variable-length utterances;large-scale training datasets;Speakers in the Wild;NIST SRE 2016 Cantonese;PLDA classifier;Acoustics;Training;Feature extraction;Speaker recognition;Training data;Neural networks;NIST;speaker recognition;deep neural networks;data augmentation;x-vectors},
  doi={10.1109/ICASSP.2018.8461375},
  ISSN={2379-190X},
  month={April}
}